% This file was created with JabRef 2.9.2.
% Encoding: UTF8

@ELECTRONIC{Kreylos2010,
  author = {Oliver Kreylos},
  year = {2010},
  title = {Augmented Reality Sandbox},
  url = {http://idav.ucdavis.edu/~okreylos/ResDev/SARndbox/index.html},
  owner = {mpseadmin},
  timestamp = {2013.05.23}
}

